@ARTICLE{Planck_2018,
       author = {{Planck Collaboration} and {Aghanim}, N. and {Akrami}, Y. and {Ashdown}, M. and {Aumont}, J. and {Baccigalupi}, C. and {Ballardini}, M. and {Banday}, A.~J. and {Barreiro}, R.~B. and {Bartolo}, N. and {Basak}, S. and {Battye}, R. and {Benabed}, K. and {Bernard}, J. -P. and {Bersanelli}, M. and {Bielewicz}, P. and {Bock}, J.~J. and {Bond}, J.~R. and {Borrill}, J. and {Bouchet}, F.~R. and {Boulanger}, F. and {Bucher}, M. and {Burigana}, C. and {Butler}, R.~C. and {Calabrese}, E. and {Cardoso}, J. -F. and {Carron}, J. and {Challinor}, A. and {Chiang}, H.~C. and {Chluba}, J. and {Colombo}, L.~P.~L. and {Combet}, C. and {Contreras}, D. and {Crill}, B.~P. and {Cuttaia}, F. and {de Bernardis}, P. and {de Zotti}, G. and {Delabrouille}, J. and {Delouis}, J. -M. and {Di Valentino}, E. and {Diego}, J.~M. and {Dor{\'e}}, O. and {Douspis}, M. and {Ducout}, A. and {Dupac}, X. and {Dusini}, S. and {Efstathiou}, G. and {Elsner}, F. and {En{\ss}lin}, T.~A. and {Eriksen}, H.~K. and {Fantaye}, Y. and {Farhang}, M. and {Fergusson}, J. and {Fernandez-Cobos}, R. and {Finelli}, F. and {Forastieri}, F. and {Frailis}, M. and {Fraisse}, A.~A. and {Franceschi}, E. and {Frolov}, A. and {Galeotta}, S. and {Galli}, S. and {Ganga}, K. and {G{\'e}nova-Santos}, R.~T. and {Gerbino}, M. and {Ghosh}, T. and {Gonz{\'a}lez-Nuevo}, J. and {G{\'o}rski}, K.~M. and {Gratton}, S. and {Gruppuso}, A. and {Gudmundsson}, J.~E. and {Hamann}, J. and {Handley}, W. and {Hansen}, F.~K. and {Herranz}, D. and {Hildebrandt}, S.~R. and {Hivon}, E. and {Huang}, Z. and {Jaffe}, A.~H. and {Jones}, W.~C. and {Karakci}, A. and {Keih{\"a}nen}, E. and {Keskitalo}, R. and {Kiiveri}, K. and {Kim}, J. and {Kisner}, T.~S. and {Knox}, L. and {Krachmalnicoff}, N. and {Kunz}, M. and {Kurki-Suonio}, H. and {Lagache}, G. and {Lamarre}, J. -M. and {Lasenby}, A. and {Lattanzi}, M. and {Lawrence}, C.~R. and {Le Jeune}, M. and {Lemos}, P. and {Lesgourgues}, J. and {Levrier}, F. and {Lewis}, A. and {Liguori}, M. and {Lilje}, P.~B. and {Lilley}, M. and {Lindholm}, V. and {L{\'o}pez-Caniego}, M. and {Lubin}, P.~M. and {Ma}, Y. -Z. and {Mac{\'\i}as-P{\'e}rez}, J.~F. and {Maggio}, G. and {Maino}, D. and {Mandolesi}, N. and {Mangilli}, A. and {Marcos-Caballero}, A. and {Maris}, M. and {Martin}, P.~G. and {Martinelli}, M. and {Mart{\'\i}nez-Gonz{\'a}lez}, E. and {Matarrese}, S. and {Mauri}, N. and {McEwen}, J.~D. and {Meinhold}, P.~R. and {Melchiorri}, A. and {Mennella}, A. and {Migliaccio}, M. and {Millea}, M. and {Mitra}, S. and {Miville-Desch{\^e}nes}, M. -A. and {Molinari}, D. and {Montier}, L. and {Morgante}, G. and {Moss}, A. and {Natoli}, P. and {N{\o}rgaard-Nielsen}, H.~U. and {Pagano}, L. and {Paoletti}, D. and {Partridge}, B. and {Patanchon}, G. and {Peiris}, H.~V. and {Perrotta}, F. and {Pettorino}, V. and {Piacentini}, F. and {Polastri}, L. and {Polenta}, G. and {Puget}, J. -L. and {Rachen}, J.~P. and {Reinecke}, M. and {Remazeilles}, M. and {Renzi}, A. and {Rocha}, G. and {Rosset}, C. and {Roudier}, G. and {Rubi{\~n}o-Mart{\'\i}n}, J.~A. and {Ruiz-Granados}, B. and {Salvati}, L. and {Sandri}, M. and {Savelainen}, M. and {Scott}, D. and {Shellard}, E.~P.~S. and {Sirignano}, C. and {Sirri}, G. and {Spencer}, L.~D. and {Sunyaev}, R. and {Suur-Uski}, A. -S. and {Tauber}, J.~A. and {Tavagnacco}, D. and {Tenti}, M. and {Toffolatti}, L. and {Tomasi}, M. and {Trombetti}, T. and {Valenziano}, L. and {Valiviita}, J. and {Van Tent}, B. and {Vibert}, L. and {Vielva}, P. and {Villa}, F. and {Vittorio}, N. and {Wandelt}, B.~D. and {Wehus}, I.~K. and {White}, M. and {White}, S.~D.~M. and {Zacchei}, A. and {Zonca}, A.},
        title = "{Planck 2018 results. VI. Cosmological parameters}",
      journal = {\aap},
     keywords = {cosmic background radiation, cosmological parameters, Astrophysics - Cosmology and Nongalactic Astrophysics},
         year = 2020,
        month = sep,
       volume = {641},
          eid = {A6},
        pages = {A6},
          doi = {10.1051/0004-6361/201833910},
archivePrefix = {arXiv},
       eprint = {1807.06209},
 primaryClass = {astro-ph.CO},
       adsurl = {https://ui.adsabs.harvard.edu/abs/2020A&A...641A...6P},
      adsnote = {Provided by the SAO/NASA Astrophysics Data System}
}

@article{astropy:2013,
Adsnote = {Provided by the SAO/NASA Astrophysics Data System},
Adsurl = {http://adsabs.harvard.edu/abs/2013A%26A...558A..33A},
Archiveprefix = {arXiv},
Author = {{Astropy Collaboration} and {Robitaille}, T.~P. and {Tollerud}, E.~J. and {Greenfield}, P. and {Droettboom}, M. and {Bray}, E. and {Aldcroft}, T. and {Davis}, M. and {Ginsburg}, A. and {Price-Whelan}, A.~M. and {Kerzendorf}, W.~E. and {Conley}, A. and {Crighton}, N. and {Barbary}, K. and {Muna}, D. and {Ferguson}, H. and {Grollier}, F. and {Parikh}, M.~M. and {Nair}, P.~H. and {Unther}, H.~M. and {Deil}, C. and {Woillez}, J. and {Conseil}, S. and {Kramer}, R. and {Turner}, J.~E.~H. and {Singer}, L. and {Fox}, R. and {Weaver}, B.~A. and {Zabalza}, V. and {Edwards}, Z.~I. and {Azalee Bostroem}, K. and {Burke}, D.~J. and {Casey}, A.~R. and {Crawford}, S.~M. and {Dencheva}, N. and {Ely}, J. and {Jenness}, T. and {Labrie}, K. and {Lim}, P.~L. and {Pierfederici}, F. and {Pontzen}, A. and {Ptak}, A. and {Refsdal}, B. and {Servillat}, M. and {Streicher}, O.},
Doi = {10.1051/0004-6361/201322068},
Eid = {A33},
Eprint = {1307.6212},
Journal = {\aap},
Keywords = {methods: data analysis, methods: miscellaneous, virtual observatory tools},
Month = oct,
Pages = {A33},
Primaryclass = {astro-ph.IM},
Title = {{Astropy: A community Python package for astronomy}},
Volume = 558,
Year = 2013,
Bdsk-Url-1 = {https://dx.doi.org/10.1051/0004-6361/201322068}}

@ARTICLE{astropy:2018,
       author = {{Astropy Collaboration} and {Price-Whelan}, A.~M. and
         {Sip{\H{o}}cz}, B.~M. and {G{\"u}nther}, H.~M. and {Lim}, P.~L. and
         {Crawford}, S.~M. and {Conseil}, S. and {Shupe}, D.~L. and
         {Craig}, M.~W. and {Dencheva}, N. and {Ginsburg}, A. and {Vand
        erPlas}, J.~T. and {Bradley}, L.~D. and {P{\'e}rez-Su{\'a}rez}, D. and
         {de Val-Borro}, M. and {Aldcroft}, T.~L. and {Cruz}, K.~L. and
         {Robitaille}, T.~P. and {Tollerud}, E.~J. and {Ardelean}, C. and
         {Babej}, T. and {Bach}, Y.~P. and {Bachetti}, M. and {Bakanov}, A.~V. and
         {Bamford}, S.~P. and {Barentsen}, G. and {Barmby}, P. and
         {Baumbach}, A. and {Berry}, K.~L. and {Biscani}, F. and {Boquien}, M. and
         {Bostroem}, K.~A. and {Bouma}, L.~G. and {Brammer}, G.~B. and
         {Bray}, E.~M. and {Breytenbach}, H. and {Buddelmeijer}, H. and
         {Burke}, D.~J. and {Calderone}, G. and {Cano Rodr{\'\i}guez}, J.~L. and
         {Cara}, M. and {Cardoso}, J.~V.~M. and {Cheedella}, S. and {Copin}, Y. and
         {Corrales}, L. and {Crichton}, D. and {D'Avella}, D. and {Deil}, C. and
         {Depagne}, {\'E}. and {Dietrich}, J.~P. and {Donath}, A. and
         {Droettboom}, M. and {Earl}, N. and {Erben}, T. and {Fabbro}, S. and
         {Ferreira}, L.~A. and {Finethy}, T. and {Fox}, R.~T. and
         {Garrison}, L.~H. and {Gibbons}, S.~L.~J. and {Goldstein}, D.~A. and
         {Gommers}, R. and {Greco}, J.~P. and {Greenfield}, P. and
         {Groener}, A.~M. and {Grollier}, F. and {Hagen}, A. and {Hirst}, P. and
         {Homeier}, D. and {Horton}, A.~J. and {Hosseinzadeh}, G. and {Hu}, L. and
         {Hunkeler}, J.~S. and {Ivezi{\'c}}, {\v{Z}}. and {Jain}, A. and
         {Jenness}, T. and {Kanarek}, G. and {Kendrew}, S. and {Kern}, N.~S. and
         {Kerzendorf}, W.~E. and {Khvalko}, A. and {King}, J. and {Kirkby}, D. and
         {Kulkarni}, A.~M. and {Kumar}, A. and {Lee}, A. and {Lenz}, D. and
         {Littlefair}, S.~P. and {Ma}, Z. and {Macleod}, D.~M. and
         {Mastropietro}, M. and {McCully}, C. and {Montagnac}, S. and
         {Morris}, B.~M. and {Mueller}, M. and {Mumford}, S.~J. and {Muna}, D. and
         {Murphy}, N.~A. and {Nelson}, S. and {Nguyen}, G.~H. and
         {Ninan}, J.~P. and {N{\"o}the}, M. and {Ogaz}, S. and {Oh}, S. and
         {Parejko}, J.~K. and {Parley}, N. and {Pascual}, S. and {Patil}, R. and
         {Patil}, A.~A. and {Plunkett}, A.~L. and {Prochaska}, J.~X. and
         {Rastogi}, T. and {Reddy Janga}, V. and {Sabater}, J. and
         {Sakurikar}, P. and {Seifert}, M. and {Sherbert}, L.~E. and
         {Sherwood-Taylor}, H. and {Shih}, A.~Y. and {Sick}, J. and
         {Silbiger}, M.~T. and {Singanamalla}, S. and {Singer}, L.~P. and
         {Sladen}, P.~H. and {Sooley}, K.~A. and {Sornarajah}, S. and
         {Streicher}, O. and {Teuben}, P. and {Thomas}, S.~W. and
         {Tremblay}, G.~R. and {Turner}, J.~E.~H. and {Terr{\'o}n}, V. and
         {van Kerkwijk}, M.~H. and {de la Vega}, A. and {Watkins}, L.~L. and
         {Weaver}, B.~A. and {Whitmore}, J.~B. and {Woillez}, J. and
         {Zabalza}, V. and {Astropy Contributors}},
        title = "{The Astropy Project: Building an Open-science Project and Status of the v2.0 Core Package}",
      journal = {\aj},
     keywords = {methods: data analysis, methods: miscellaneous, methods: statistical, reference systems, Astrophysics - Instrumentation and Methods for Astrophysics},
         year = 2018,
        month = sep,
       volume = {156},
       number = {3},
          eid = {123},
        pages = {123},
          doi = {10.3847/1538-3881/aabc4f},
archivePrefix = {arXiv},
       eprint = {1801.02634},
 primaryClass = {astro-ph.IM},
       adsurl = {https://ui.adsabs.harvard.edu/abs/2018AJ....156..123A},
      adsnote = {Provided by the SAO/NASA Astrophysics Data System}
}

@ARTICLE{astropy:2022,
       author = {{Astropy Collaboration} and {Price-Whelan}, Adrian M. and {Lim}, Pey Lian and {Earl}, Nicholas and {Starkman}, Nathaniel and {Bradley}, Larry and {Shupe}, David L. and {Patil}, Aarya A. and {Corrales}, Lia and {Brasseur}, C.~E. and {N{"o}the}, Maximilian and {Donath}, Axel and {Tollerud}, Erik and {Morris}, Brett M. and {Ginsburg}, Adam and {Vaher}, Eero and {Weaver}, Benjamin A. and {Tocknell}, James and {Jamieson}, William and {van Kerkwijk}, Marten H. and {Robitaille}, Thomas P. and {Merry}, Bruce and {Bachetti}, Matteo and {G{"u}nther}, H. Moritz and {Aldcroft}, Thomas L. and {Alvarado-Montes}, Jaime A. and {Archibald}, Anne M. and {B{'o}di}, Attila and {Bapat}, Shreyas and {Barentsen}, Geert and {Baz{'a}n}, Juanjo and {Biswas}, Manish and {Boquien}, M{'e}d{'e}ric and {Burke}, D.~J. and {Cara}, Daria and {Cara}, Mihai and {Conroy}, Kyle E. and {Conseil}, Simon and {Craig}, Matthew W. and {Cross}, Robert M. and {Cruz}, Kelle L. and {D'Eugenio}, Francesco and {Dencheva}, Nadia and {Devillepoix}, Hadrien A.~R. and {Dietrich}, J{"o}rg P. and {Eigenbrot}, Arthur Davis and {Erben}, Thomas and {Ferreira}, Leonardo and {Foreman-Mackey}, Daniel and {Fox}, Ryan and {Freij}, Nabil and {Garg}, Suyog and {Geda}, Robel and {Glattly}, Lauren and {Gondhalekar}, Yash and {Gordon}, Karl D. and {Grant}, David and {Greenfield}, Perry and {Groener}, Austen M. and {Guest}, Steve and {Gurovich}, Sebastian and {Handberg}, Rasmus and {Hart}, Akeem and {Hatfield-Dodds}, Zac and {Homeier}, Derek and {Hosseinzadeh}, Griffin and {Jenness}, Tim and {Jones}, Craig K. and {Joseph}, Prajwel and {Kalmbach}, J. Bryce and {Karamehmetoglu}, Emir and {Ka{l}uszy{'n}ski}, Miko{l}aj and {Kelley}, Michael S.~P. and {Kern}, Nicholas and {Kerzendorf}, Wolfgang E. and {Koch}, Eric W. and {Kulumani}, Shankar and {Lee}, Antony and {Ly}, Chun and {Ma}, Zhiyuan and {MacBride}, Conor and {Maljaars}, Jakob M. and {Muna}, Demitri and {Murphy}, N.~A. and {Norman}, Henrik and {O'Steen}, Richard and {Oman}, Kyle A. and {Pacifici}, Camilla and {Pascual}, Sergio and {Pascual-Granado}, J. and {Patil}, Rohit R. and {Perren}, Gabriel I. and {Pickering}, Timothy E. and {Rastogi}, Tanuj and {Roulston}, Benjamin R. and {Ryan}, Daniel F. and {Rykoff}, Eli S. and {Sabater}, Jose and {Sakurikar}, Parikshit and {Salgado}, Jes{'u}s and {Sanghi}, Aniket and {Saunders}, Nicholas and {Savchenko}, Volodymyr and {Schwardt}, Ludwig and {Seifert-Eckert}, Michael and {Shih}, Albert Y. and {Jain}, Anany Shrey and {Shukla}, Gyanendra and {Sick}, Jonathan and {Simpson}, Chris and {Singanamalla}, Sudheesh and {Singer}, Leo P. and {Singhal}, Jaladh and {Sinha}, Manodeep and {Sip{H{o}}cz}, Brigitta M. and {Spitler}, Lee R. and {Stansby}, David and {Streicher}, Ole and {{{S}}umak}, Jani and {Swinbank}, John D. and {Taranu}, Dan S. and {Tewary}, Nikita and {Tremblay}, Grant R. and {Val-Borro}, Miguel de and {Van Kooten}, Samuel J. and {Vasovi{'c}}, Zlatan and {Verma}, Shresth and {de Miranda Cardoso}, Jos{'e} Vin{'i}cius and {Williams}, Peter K.~G. and {Wilson}, Tom J. and {Winkel}, Benjamin and {Wood-Vasey}, W.~M. and {Xue}, Rui and {Yoachim}, Peter and {Zhang}, Chen and {Zonca}, Andrea and {Astropy Project Contributors}},
        title = "{The Astropy Project: Sustaining and Growing a Community-oriented Open-source Project and the Latest Major Release (v5.0) of the Core Package}",
      journal = {\apj},
     keywords = {Astronomy software, Open source software, Astronomy data analysis, 1855, 1866, 1858, Astrophysics - Instrumentation and Methods for Astrophysics},
         year = 2022,
        month = aug,
       volume = {935},
       number = {2},
          eid = {167},
        pages = {167},
          doi = {10.3847/1538-4357/ac7c74},
archivePrefix = {arXiv},
       eprint = {2206.14220},
 primaryClass = {astro-ph.IM},
       adsurl = {https://ui.adsabs.harvard.edu/abs/2022ApJ...935..167A},
      adsnote = {Provided by the SAO/NASA Astrophysics Data System}
}
